
@book{garrido-pena_tfm_2022,
	title = {{TFM} 2019/20.Máster en Investigación e Innovación en Tecnologías de la Información y las Comunicaciones},
	rights = {Derechos de autor 2022 {TFM}},
	url = {https://libros.uam.es/tfm/catalog/book/1146},
	abstract = {Trabajos de Fin de Máster en Investigación e Innovación en Tecnologías de la Información y las Comunicaciones},
	publisher = {{TFM}},
	author = {Garrido-Peña, Alicia},
	urldate = {2023-11-24},
	date = {2022-03-02},
	langid = {spanish},
	note = {Publication Title: {TFM}},
}

@book{garrido-pena_tfm_2022-1,
	title = {{TFM} 2019/20. Máster en Ingeniería Informática},
	rights = {Derechos de autor 2022 {TFM}},
	url = {https://libros.uam.es/tfm/catalog/book/1143},
	abstract = {Trabajos de Fin de Máster en Ingeniería Informática},
	publisher = {{TFM}},
	author = {Garrido-Peña, Alicia},
	urldate = {2023-11-24},
	date = {2022-03-02},
	langid = {spanish},
	note = {Publication Title: {TFM}},
}

@inproceedings{rodrigo_amaducci_irene_elices_manuel_reyes-sanchez_alicia_garrido-pena_rafael_levi_francisco_b_rodriguez_pablo_varona_hybrid_2020,
	title = {Hybrid robot driven by a closed-loop interaction with a living central pattern generator with online feedback. 29th Annual Computational Neuroscience Meeting: {CNS}*2020. P207.},
	volume = {21},
	url = {https://doi.org/10.1186/s12868-020-00593-1},
	doi = {10.1186/s12868-020-00593-1},
	shorttitle = {29th Annual Computational Neuroscience Meeting},
	pages = {54},
	booktitle = {{BMC} Neuroscience},
	author = {Amaducci, Rodrigo and Elices, Irene and Reyes-Sanchez, Manuel and Garrido-Peña, Alicia and Levi, Rafael and Rodriguez, Francisco B. and Varona, Pablo.},
	urldate = {2024-02-13},
	date = {2020-12-21},
	file = {Full Text PDF:/home/agarpe/Zotero/storage/NJGC8BTL/2020 - 29th Annual Computational Neuroscience Meeting CN.pdf:application/pdf;Snapshot:/home/agarpe/Zotero/storage/282TVVQL/s12868-020-00593-1.html:text/html},
}

@inproceedings{alicia_garrido-pena_irene_elices_rafael_levi_francisco_b_rodriguez_pablo_varona_experimental_2020,
	title = {Experimental and computational characterization of interval variability in the sequential activity of the Lymnaea feeding {CPG}. 29th Annual Computational Neuroscience Meeting: {CNS}*2020. O11.},
	volume = {21},
	url = {https://doi.org/10.1186/s12868-020-00593-1},
	doi = {10.1186/s12868-020-00593-1},
	shorttitle = {29th Annual Computational Neuroscience Meeting},
	pages = {54},
	booktitle = {{BMC} Neuroscience},
	author = {Garrido-Peña, Alicia and Elices, Irene and Levi, Rafael and Rodriguez, Francisco B. and Varona, Pablo},
	urldate = {2024-02-13},
	date = {2020-12-21},
	file = {Full Text PDF:/home/agarpe/Zotero/storage/8B9JVUZQ/2020 - 29th Annual Computational Neuroscience Meeting CN.pdf:application/pdf;Snapshot:/home/agarpe/Zotero/storage/CG9B5ZHH/s12868-020-00593-1.html:text/html},
}

@inproceedings{alicia_garrido-pena_irene_elices_rafael_levi_francisco_b_rodriguez_pablo_varona_universality_2021,
	location = {{ONLINE}},
	title = {Universality of interval variability constraints in the sequential activity of motor circuits.},
	url = {https://www.cosyne.org/s/Cosyne2021_program_book.pdf},
	eventtitle = {{COSYNE}},
	booktitle = {{COSYNE}},
	author = {Garrido-Peña, Alicia and Elices, Irene and Levi, Rafael and Rodriguez, Francisco B. and Varona, Pablo},
	date = {2021-02-23},
}


@inproceedings{rodrigo_amaducci_irene_elices_manuel_reyes-sanchez_alicia_garrido-pena_rafael_levi_francisco_b_rodriguez_pablo_varona_controlling_2021,
	location = {{ONLINE}},
	title = {Controlling robotic locomotion by a closed-loop interaction with living central pattern generators.},
	url = {https://www.cosyne.org/s/Cosyne2021_program_book.pdf},
	eventtitle = {{COSYNE}},
	booktitle = {{COSYNE}},
	author = {Amaducci, Rodrigo, Elices, Irene, Reyes-Sanchez, Manuel, Garrido-Peña, Alicia, Levi, Rafael,  Rodriguez, Francisco B. Varona, Pablo},
	date = {2021-02-23},
}

@inproceedings{p_sanchez-martin_a_garrido-pena_b_berbel_fb_rodriguez_r_levi_p_varona_influence_2023,
	title = {Influence of electrical coupling in shaping time intervals and dynamical invariants of central pattern generator sequences. 31st Annual Computational Neuroscience Meeting: {CNS}*2022. P109.},
	volume = {51},
	url = {https://doi.org/10.1007/s10827-022-00841-9},
	doi = {10.1007/s10827-022-00841-9},
	shorttitle = {31st Annual Computational Neuroscience Meeting},
	pages = {3--101},
	booktitle = {Journal of Computational Neuroscience},
	author = {{P. Sánchez-Martín, A. Garrido-Peña, B. Berbel, F.B. Rodriguez, R. Levi, P. Varona}},
	urldate = {2024-02-13},
	date = {2023-01-01},
	langid = {english},
	file = {Full Text PDF:/home/agarpe/Zotero/storage/8QMNYZLX/2023 - 31st Annual Computational Neuroscience Meeting CN.pdf:application/pdf},
}

@inproceedings{a_garrido-pena_p_sanchez-martin_m_reyes-sanchez_j_castilla_j_tornero_r_levi_fb_rodriguez_p_varona_2023_activity-dependent_2023,
	title = {Activity-dependent infrared laser stimulation to assess its biophysical effects on single neurons. 31st Annual Computational Neuroscience Meeting: {CNS}*2022. F3},
	volume = {51},
	url = {https://doi.org/10.1007/s10827-022-00841-9},
	doi = {10.1007/s10827-022-00841-9},
	shorttitle = {31st Annual Computational Neuroscience Meeting},
	pages = {3--101},
	booktitle = {Journal of Computational Neuroscience},
	author = {{A. Garrido-Peña, P. Sánchez-Martín, M. Reyes-Sanchez, J. Castilla, J. Tornero, R. Levi, F.B. Rodriguez, P. Varona. 2023.}},
	urldate = {2024-02-13},
	date = {2023-01-01},
	langid = {english},
	file = {Full Text PDF:/home/agarpe/Zotero/storage/FU2P5UXP/2023 - 31st Annual Computational Neuroscience Meeting CN.pdf:application/pdf},
}

@inproceedings{pe_soetard_r_amaducci_p_sanchez-martin_m_reyes-sanchez_a_garrido-pena_r_levi_fb_rodriguez_p_varona_dynamical_2023,
	title = {Dynamical principles of functional neural sequences validated in hybrid robots built with living central pattern generators. 31st Annual Computational Neuroscience Meeting: {CNS}*2022. P110},
	volume = {51},
	url = {https://doi.org/10.1007/s10827-022-00841-9},
	doi = {10.1007/s10827-022-00841-9},
	shorttitle = {31st Annual Computational Neuroscience Meeting},
	pages = {3--101},
	booktitle = {Journal of Computational Neuroscience},
	author = {{P.E. Soëtard, R. Amaducci, P. Sánchez-Martín, M. Reyes-Sanchez, A. Garrido-Peña, R. Levi, F.B. Rodriguez, P. Varona}},
	urldate = {2024-02-13},
	date = {2023-01-01},
	langid = {english},
	file = {Full Text PDF:/home/agarpe/Zotero/storage/6LSIYPVC/2023 - 31st Annual Computational Neuroscience Meeting CN.pdf:application/pdf},
}

@inproceedings{a_garrido-pena_p_sanchez-martin_r_levi_j_castilla_j_tornero_p_varona_activity-dependent_2022,
	location = {Paris},
	title = {Activity-dependent stimulation to assess the effect of infrared-laser stimulation in single neurons.},
	url = {https://kenesvm.azureedge.net/public/general/FENS2022.pdf},
	eventtitle = {{FENS} Forum},
	pages = {S02--556},
	author = {{A. Garrido-Peña, P. Sanchez-Martin, R. Levi, J. Castilla, J. Tornero, P. Varona.}},
	date = {2022-06},
}

@inproceedings{a_garrido-pena_r_levi_j_castilla_j_tornero_p_varona_effect_2021,
	title = {Effect of infrared laser stimulation in single neurons: Experimental and modeling study. 30th Annual Computational Neuroscience Meeting: {CNS}*2021–Meeting Abstracts. P193.},
	volume = {49},
	url = {https://doi.org/10.1007/s10827-021-00801-9},
	doi = {10.1007/s10827-021-00801-9},
	shorttitle = {30th Annual Computational Neuroscience Meeting},
	pages = {3--208},
	booktitle = {Journal of Computational Neuroscience},
	author = {{A. Garrido-Peña, R. Levi, J. Castilla, J. Tornero, P. Varona.}},
	urldate = {2024-02-13},
	date = {2021-12-01},
	langid = {english},
	file = {Full Text PDF:/home/agarpe/Zotero/storage/A5UGU7ND/2021 - 30th Annual Computational Neuroscience Meeting CN.pdf:application/pdf},
}

@inproceedings{b_berbel_a_garrido-pena_i_elices_r_latorre_p_varona_gap_2021,
	title = {Gap junctions shape the intervals that build robust sequences in a central pattern generator model. 30th Annual Computational Neuroscience Meeting: {CNS}*2021–Meeting Abstracts. P194.},
	volume = {49},
	url = {https://doi.org/10.1007/s10827-021-00801-9},
	doi = {10.1007/s10827-021-00801-9},
	shorttitle = {30th Annual Computational Neuroscience Meeting},
	pages = {3--208},
	booktitle = {Journal of Computational Neuroscience},
	author = {{B. Berbel, A. Garrido-Peña, I. Elices, R. Latorre, P. Varona.}},
	urldate = {2024-02-13},
	date = {2021-12-01},
	langid = {english},
	file = {Full Text PDF:/home/agarpe/Zotero/storage/I5ZJBDSI/2021 - 30th Annual Computational Neuroscience Meeting CN.pdf:application/pdf},
}

@inproceedings{p_sanchez-martin_i_elices_a_garrido-pena_r_levi_fb_rodriguez_p_varona_dynamic_2021,
	title = {Dynamic synchronization between electrically coupled cells of central pattern generators. 30th Annual Computational Neuroscience Meeting: {CNS}*2021–Meeting Abstracts. P195.},
	volume = {49},
	url = {https://doi.org/10.1007/s10827-021-00801-9},
	doi = {10.1007/s10827-021-00801-9},
	shorttitle = {30th Annual Computational Neuroscience Meeting},
	pages = {3--208},
	booktitle = {Journal of Computational Neuroscience},
	author = {{P. Sanchez-Martin, I. Elices, A. Garrido-Peña, R. Levi, F.B. Rodriguez, P. Varona.}},
	urldate = {2024-02-13},
	date = {2021-12-01},
	langid = {english},
	file = {Full Text PDF:/home/agarpe/Zotero/storage/RBGX7UPU/2021 - 30th Annual Computational Neuroscience Meeting CN.pdf:application/pdf},
}

@inproceedings{berbel_effect_2021,
	location = {Cham},
	title = {Effect of Electrical Synapses in the Cycle-by-Cycle Period and Burst Duration of Central Pattern Generators},
	isbn = {978-3-030-85099-9},
	doi = {10.1007/978-3-030-85099-9_7},
	series = {Lecture Notes in Computer Science},
	abstract = {Central Pattern Generators ({CPGs}) are neural circuits that generate robust coordinated neural activity to control motor rhythms. Many {CPGs} are convenient neural circuits for locomotion control in autonomous robots. In this context, invertebrate {CPGs} are key networks to understand rhythm generation and coordination, as their cells and connections can be identified and mapped, like in the crustacean pyloric {CPG}. Experiments during the last decades have shown that mutual inhibition by chemical synapses together with electrical coupling underlie the timing of neuron activations that shape each rhythm cycle of this {CPG}. Due to the presence of inhibitory and electrical synapses, regular and irregular triphasic spiking-bursting activity can be found in the pyloric {CPG}, always preserving the same neuron activation sequence. In this study, we use a model of this well-known {CPG} to assess the role of electrical synapses in shaping the cycle-by-cycle period and individual cell burst duration. We show that electrical coupling strength asymmetrically affects the burst duration of each individual neuron, as well as the overall cycle-by-cycle duration. Our results support the view that electrical coupling largely contributes to shape the intervals that define functional sequences in {CPGs}, which can be applied in bioinspired autonomous robotic motor control.},
	pages = {81--92},
	booktitle = {Advances in Computational Intelligence},
	publisher = {Springer International Publishing},
	author = {Berbel, Blanca and Garrido-peña, Alicia and Elices, Irene and Latorre, Roberto and Varona, Pablo},
	editor = {Rojas, Ignacio and Joya, Gonzalo and Català, Andreu},
	date = {2021},
	langid = {english},
	keywords = {Autonomous rhythm generation, {CPG}, Rhythm coordination, Sequential neural activity},
	file = {Full Text PDF:/home/agarpe/Zotero/storage/8YCWELQE/Berbel et al. - 2021 - Effect of Electrical Synapses in the Cycle-by-Cycl.pdf:application/pdf},
}

@inproceedings{alicia_garrido-pena_pablo_sanchez-martin_irene_elices_manuel_reyes-sanchez_blanca_berbel_roberto_latorre_francisco_b_rodriguez_pablo_varona_exploring_2024,
	title = {Exploring the ability of biophysical models to reproduce the functional variability of neurons. 32nd Annual Computational Neuroscience Meeting: {CNS}*2023.},
	booktitle = {{InPress} for Journal of Computational Neuroscience},
	author = {Garrido-Peña, Alicia and Sánchez-Martín, Pablo and Elices, Irene and Reyes-Sanchez, Manuel and Berbel, Blanca and Latorre, Roberto and Rodriguez, Francisco B. and Varona, Pablo},
	date = {2024},
	langid = {english},
}

@article{alicia_garrido-pena_modulation_2024,
	title = {Modulation of neuronal dynamics by sustained and activity-dependent continuous-wave near-infrared laser stimulation.},
	journaltitle = {Submitted},
	author = {Garrido-Peña, Alicia and Sanchez-Martin, Pablo and Reyes-Sanchez, Manuel and Levi, Rafael and Rodriguez, Francisco B. and Castilla, Javier and Tornero, Jesus and Varona, Pablo},
	date = {2024},
}

@article{garrido-pena_characterization_2021,
	title = {Characterization of interval variability in the sequential activity of a central pattern generator model},
	volume = {461},
	issn = {0925-2312},
	url = {https://www.sciencedirect.com/science/article/pii/S0925231221007670},
	doi = {10.1016/j.neucom.2020.08.093},
	abstract = {Central pattern generators ({CPG}) are neural circuits that generate robust sequences of coordinated neural activity to control motor rhythms. We have recently revealed the presence of dynamical invariants in the relationships between specific intervals that build the {CPG} sequence and the instantaneous period of the rhythm in the pyloric {CPG} of crustacean. In this paper, we analyze the variability of the intervals comprising the rhythm in a model of a mollusk feeding {CPG}. We measured the cycle-by-cycle time intervals of the {CPG} rhythm under distinct single neuron stimulation. We characterized interval variability and report dynamical invariants found only for specific time intervals building the sequence of the feeding {CPG}. Together with our previous findings, the results reported in this paper indicate that dynamical invariants can be a universal feature of any sequence generating circuit.},
	pages = {667--678},
	journaltitle = {Neurocomputing},
	shortjournal = {Neurocomputing},
	author = {Garrido-Peña, Alicia and Elices, Irene and Varona, Pablo},
	urldate = {2024-02-13},
	date = {2021-10-21},
	keywords = {Dynamical invariants, Flexibility and robustness balance, Functional variability, Motor control, Neural sequences},
	file = {ScienceDirect Snapshot:/home/agarpe/Zotero/storage/C6NDC4NK/S0925231221007670.html:text/html},
}